<?xml version="1.0" encoding="UTF-8"?>
<collection xmlns:xsi="http://www.w3.org/2001/XMLSchema-instance" xsi:schemaLocation="http://www.loc.gov/MARC21/slim http://www.loc.gov/standards/marcxml/schema/MARC21slim.xsd" xmlns="http://www.loc.gov/MARC21/slim">
<record>
  <leader>01461cam a2200289 a 4500</leader>
  <controlfield tag="001">2965776</controlfield>
  <controlfield tag="003">NNC</controlfield>
  <controlfield tag="005">20130426003629.0</controlfield>
  <controlfield tag="008">830829r19701913iq af    b    001 0 ara d</controlfield>
  <datafield tag="010" ind1=" " ind2=" ">
    <subfield code="a">   78962058 </subfield>
  </datafield>
  <datafield tag="035" ind1=" " ind2=" ">
    <subfield code="a">(OCoLC)ocm09856421</subfield>
  </datafield>
  <datafield tag="035" ind1=" " ind2=" ">
    <subfield code="9">ASL1163CU</subfield>
  </datafield>
  <datafield tag="035" ind1=" " ind2=" ">
    <subfield code="a">(NNC)2965776</subfield>
  </datafield>
  <datafield tag="040" ind1=" " ind2=" ">
    <subfield code="a">VA@</subfield>
    <subfield code="c">VA@</subfield>
    <subfield code="d">ZCU</subfield>
  </datafield>
  <datafield tag="041" ind1="1" ind2=" ">
    <subfield code="a">araper</subfield>
    <subfield code="h">ara</subfield>
  </datafield>
  <datafield tag="090" ind1=" " ind2=" ">
    <subfield code="a">BP188.9</subfield>
    <subfield code="b">.R89 1913b</subfield>
  </datafield>
  <datafield tag="100" ind1="1" ind2=" ">
    <subfield code="a">Ḥallāj, al-Ḥusayn ibn Manṣūr,</subfield>
    <subfield code="d">858 or 859-922.</subfield>
  </datafield>
  <datafield tag="245" ind1="1" ind2="0">
    <subfield code="a">Kitāb al-ṭawāsīn /</subfield>
    <subfield code="c">li-Abī al-Mughīth al-Ḥusayn ibn Manṣūr al-Ḥallāj al -Bayḍāwī al-Baghdādī = Kitâb al Ṭawâsîn / par Aboû al Moghîth al Ḥosayn ibn Manṣoûr al Ḥallâj al Baydhâwî al Baghdâdî ; texte arabe publié pour la première fois d'après les manuscrits de Stamboul et de Londres ; avec la version persane d'al Baqlî, l'analyse de son commentaire persan, une introduction critique, des observations, des notes et trois indices, par Louis Massignon.</subfield>
  </datafield>
  <datafield tag="260" ind1=" " ind2=" ">
    <subfield code="a">[Bagdad :</subfield>
    <subfield code="b">al-Muthanna Library,</subfield>
    <subfield code="c">1970]</subfield>
  </datafield>
  <datafield tag="300" ind1=" " ind2=" ">
    <subfield code="a">xxiv, 220 p., [2] leaves of plates :</subfield>
    <subfield code="b">ill. (some col.) ;</subfield>
    <subfield code="c">25 cm.</subfield>
  </datafield>
  <datafield tag="500" ind1=" " ind2=" ">
    <subfield code="a">Reprint.  Originally published:  Paris: P. Geuthner, 1913.</subfield>
  </datafield>
  <datafield tag="504" ind1=" " ind2=" ">
    <subfield code="a">Includes bibliographical references and indexes.</subfield>
  </datafield>
  <datafield tag="650" ind1=" " ind2="0">
    <subfield code="a">Mysticism</subfield>
    <subfield code="x">Islam.</subfield>
  </datafield>
  <datafield tag="700" ind1="1" ind2=" ">
    <subfield code="a">Baqlī, Rūzbihān ibn Abī al-Naṣr,</subfield>
    <subfield code="d">-1209 or 1210.</subfield>
  </datafield>
  <datafield tag="700" ind1="1" ind2=" ">
    <subfield code="a">Massignon, Louis,</subfield>
    <subfield code="d">1883-1962.</subfield>
  </datafield>
  <datafield tag="740" ind1="3" ind2="1">
    <subfield code="a">al-Ṭawāsīn.</subfield>
  </datafield>
  <datafield tag="955" ind1=" " ind2=" ">
    <subfield code="b">0022706437</subfield>
    <subfield code="d">glx</subfield>
    <subfield code="e">BP188.9 .R89 1913b</subfield>
  </datafield>
</record>
</collection>